@misc{nextjs_docs,
  author = "{Vercel}",
  title = "{Next.js Documentation}",
  url = {https://nextjs.org/docs},
  url_date = {2025-01-14},
  year = {2025}
}

@misc{facebook_graph_api,
  author = "{Meta Platforms, Inc.}",
  title = "{Facebook Graph API Documentation}",
  url = {https://developers.facebook.com/docs/graph-api/},
  url_date = {2025-01-14},
  year = {2025}
}

@misc{shadcn_ui_docs,
  author = "{shadcn}",
  title = "{shadcn/ui Documentation}",
  url = {https://ui.shadcn.com/docs},
  url_date = {2025-01-14},
  year = {2025}
}

@misc{tailwindcss_v2_docs,
  author = "{Tailwind Labs}",
  title = "{Tailwind CSS v2 Documentation}",
  url = {https://v2.tailwindcss.com/docs},
  url_date = {2025-01-14},
  year = {2025}
}



